@misc{UVD,
    author = {UVD Robotics},
    title = {Kina sea urchin regions in NZ},
    howpublished = {\url{https://uvd.blue-ocean-robotics.com/}},
    note = {Accessed 6 October 2021} 
    }
    
@misc{paperswithcode,
    author = {Papers With Code},
    title = {Seizure Detection},
    howpublished = {\url{https://paperswithcode.com/task/seizure-detection}},
    note = {Accessed 25 April 2022} 
    }
    
@phdthesis{godoyprediccao,
  title={Predi{\c{c}}{\~a}o de crises epil{\'e}pticas utilizando t{\'e}cnicas de Deep Learning},
  author={Godoy, Ricardo Vilela de},
  school={Universidade de S{\~a}o Paulo}
}

@misc{kaggle,
    author = {Kaggle},
    title = {EEG Seizure Analysis Dataset},
    howpublished = {\url{https://www.kaggle.com/datasets/adibadea/chbmitseizuredataset}},
    note = {Accessed 25 April 2022} 
    }


@misc{EPILEP,
    author = {Equipe Danone Nutricia},
    title = {Epilepsia infantil: tipos, causas, sintomas e o que fazer durante uma crise},
    howpublished = {\url{https://www.danonenutricia.com.br/infantil/primeiros-meses/saude/epilepsia-infantil-tipos-causas-sintomas-e-o-que-fazer-durante-um-ataque-epiletico}},
    note = {Acessado no dia 21 de abril de 2022} 
    }
    
@misc{OQ_E,
    author = {Amato},
    title = {O que é epilepsia e convulsão. Epilepsia tem cura.},
    howpublished = {\url{https://www.amato.com.br/o-que-e-epilepsia-e-convulsao-epilepsia-tem-cura/}},
    note = {Acessado no dia 21 de abril de 2022} 
    }
    
    https://www.chp.edu/our-services/brain/neurology/patient-procedures/eeg
    
@misc{VIDEOEEG,
    author = {\textit{Childrens Hospital of Pittsburgh}},
    title = {\textit{Electroencephalogram (EEG) and Video EEG}},
    howpublished = {\url{https://www.chp.edu/our-services/brain/neurology/patient-procedures/eeg}},
    note = {Acessado no dia 21 de abril de 2022} 
    }
    
@misc{EEGMANIQUINS,
    author = {Alejandro Riera},
    title = {\textit{EEG Signal Processing for Dummies}},
    howpublished = {\url{https://www.neuroelectrics.com/blog/2014/12/18/eeg-signal-processing-for-dummies/}},
    note = {Acessado no dia 21 de abril de 2022} 
    }
    
@misc{GITREPOSITORIO,
    author = {Mohit Agarwal},
    title = {\textit{EEG-Datasets}},
    howpublished = {\url{https://github.com/meagmohit/EEG-Datasets}},
    note = {Acessado no dia 21 de abril de 2022} 
    }
    
@misc{CHB-MIT,
    title = {\textit{CHB-MIT Scalp EEG Database}},
    howpublished = {\url{https://physionet.org/content/chbmit/1.0.0/}},
    note = {Acessado no dia 21 de abril de 2022} 
    }

@article{Siddiqui2020,
    author = {Siddiqui, Mohammad Khubeb and Morales-Menendez, Ruben and Huang, Xiaodi and Hussain, Nasir},
    doi = {10.1186/s40708-020-00105-1},
    issn = {2198-4018},
    journal = {Brain Informatics},
    keywords = {Applications of machine learning on epilepsy,Black-box and non-black-box classifiers,EEG signals,Epilepsy,Seizure detection,Seizure localization,Statistical features},
    month = {dec},
    number = {1},
    pages = {5},
    publisher = {Springer Berlin Heidelberg},
    title = {{A review of epileptic seizure detection using machine learning classifiers}},
    url = {https://doi.org/10.1186/s40708-020-00105-1 https://braininformatics.springeropen.com/articles/10.1186/s40708-020-00105-1},
    volume = {7},
    year = {2020}
    }

@book{hibbeler,
  author = {Russel Charles Hibbeler},
  year = {2014},
  title = {Fluid Mechanics},
  publisher = {Prentice Hall},
  edition = {1}
}